1111111111111111111111111111111111111111111111111111111111111111111111111111111111111111111111111111111111111111111111111111111111111111111111111111111111111111111111111111111111111111111111111111111111111111111111111111111111111111111111111111111111111111
1111111111111111111111111111111111918191111111111111111111141111111111111111111111111111111111111111811111111811111111111111111191111111111811111111111111111111111111111111111111118111111111111111111111111111111111111111111111111111111111111111111111111111
1111111111111111111111111111111111111111111111111111111111111111111111111111111111111111111111111111111111111111111111111111111111111111111111111111111111111111111111111111111111111111119111111111111118111111111111111111111111111111111111111111111111111111
1111111111111111111111111119111111111111111111111111111111191111111111111111111111111111111111111111111111111111111111111111111111111111111111111118111111111111111191111111111111111111111111111111815111111111111111111111111111111111111111181111111111111118
1198111181111111911111111111111111111111111111111191111111111111111118111111111111111911111111119111111111111111111111111111111111111111111111111111131111111111111111111111111111111111111111111111111111111111111111111411111111111111111111111111111111111181
9111111111111811111911119111111111111191111911111111111118181318911111111111118111111111111111111181111111111111111111919111811111191198111111911119311811111111111111111191111891111111111181111111111911919111831111911111111111111111911111111111181119111111
1111111111918111111111111118111111118111111918111111191819111111181111181111111118811111111111111111111111111991111118111111118191118118111111811118111119181111111111111111111111111191191111111181111888111311111111118111111198111181818111111111111111111111
1111811111181111811991881111111181181131111118181111111111111811981111111111181181111111811111811111191111881111119181111188111111111111111111198111811111811111111811111811111111118111819111188111111198113111111111111818111191191111811911111111811811111111
1111111111181111111111831811111119111111111111111111119118111111111111111119111111111181111811111911111181111181111111181911111191111111111811811111111111111118111111891198181111811119111881311811111118111811111118111881919111118118111181191111111118188191
1111118181818118811111118191181181111811111191111111811119111881188111881991131819811811181111111111111111111111811111891181111911181119111188111111981111181181111181811181811818981111111193113111111118111188811181118111819111818191811881111191911118911119
1118118118111898818111111111191111189811881119111111119191918811991111951811111114181811811111881811191181891811918181181999198811111119111111011111181118118118189911819188198811811119118181891111111111818811111988198118991881111998118111118313111181188181
1989197181199991111811391183919119918111181118188118181198111110811111811191918819181998811111198818811191111111881911111811188311191191918819118111119811811881191111191811819191911113181188118181181881893881199181811111911888118181111118118181888818818819
1881891818191119198888118118811189898191118918819189919118881111191198151918988898318911118881911888991111193111191981917811811111901895191981918811118818188981188891888988118181198181891891188111189888811801838851889998911111111991998918191818181119891191
8989198999091998819981119998191911119191191981911989191319131919191930189189198198998189388181818811911988981101198899119111811191111981181111891883101111118989911111189811931319139111119989318911991981989113911181188931991998989181990818991938389889188911
1818998111819119919811899118999919111191999999910999913919111911991990919919911919898139999198991919911189999961110999893711189391911913919999191931199131138899888911199991919988199191831918991819185119819819999919850811999091199999891919119991899898899111
9888991989999889989191191198811197819893818819199199919898917999181989101191989888118791911918119981998879991919108918119119189998198801898111371911919881119999999181099883998181197991991989999999909899179199811999991999899891118999198189911198199899119881
8799091889989811199118891198911899919898999889998888998987809989989919899891999098998189898998991181999818988999989911889191899849589888189919199898981809999879999999889919189119999899919119988581889191087918899891198891989899108880938999899991911898098181
9889578918989898899998999109899181888818187689517999968618910808998089598989981911199959809988115981899999119998999818915999079898899191019899198187919138910909938998999181997889881898999889889898191898998889101189988199198988991919998989898910109998919199
9088888818198791691069719988996881891891990889809988118888897197989898888711999999999998118188188889988998888989989809888188188998889878188899189198976898168898898589890108991999908881889819918199987899199888989989999990981119899919189818898899998109191990
1999888119181117819199899980189798806999659076989988180886897937910907899158989989779859001998898891896998898115858199188899991989995895988598909808899669980888811171810558997889199999988918718889899909795797809198119889979618988681878919813999191808008899
9689889085890898961999998098919390929300191599798991988198719953199987909189999199899899999989169991889886018799198198899098197989916909889989869889070611888999769988978911698899788811931619081869115010991969806999989009808967999819969899999918868999119809
9388796897106759057088900889886589969798688890989808901989989966969988698986909899088888681169991999109560999880090969919959969599818065005999869899860981896118969089609899550947860919909989891991888199597906980589899898608875959999898671998079199898899899
8896900989089799998507686880897887999098899886788081989907966067969880978088609798898959908876086908089960196977068888590659009871678918690916886796919992069696858078896968909779169988086789186877988900190970876690567900518866996816979999978099980908019609
6868007900600078870878000376779998087976850680899096866756071899779760999868618688869958607990786799900998605769680157961009779000900760016000898677617080678064907006606987689671060180009951960198998586707080977800666791679999670616977996766998970791190996
0096077876608966797360076795760796500989787690080739695609660659976980050059679610096700766550550057975756776663099707985569066375687760586310973856578096576775685015006076539090696196658801577778659655559897005800377095888561261817617008939790066669767677
6229099080966999999999289991093291329099093029328992193200099969992990999999907965399909659706909989299697399216909662999010939990077979899216899903990992969990620908700902099999908996999990006070809069909299289929999199889869392399990669996009900960928937
0963091979909900099890209301826900103269068919900002791626069066882839890969868929009986099990180999299970990001910069969092999973999308808363000000987899296070296990660030096369907992990093239090600890209519096090966809083990176209990009892997920097963998
0989919999099906909999199996900900909299999999999999961929090097009900906990989998999999998099990219066089290969099979990099998090409989999996099409000999096990698099099099902912099790990391209999009900009906090099020090998090890800107900049898999099076098
8987001808797086697960800778809018080099883206010082900778608791960628897029999040092089041709828493181613699089839970092310700971180199738890839987092679799019609009903989000000308908090799969697821286719913900009809896089208099199088296097049077910191071
1320800701707602677727300770070117467117011283627070707092000078738907373787866670021482202830211131712706700770700808370880077087701117097737703176671281360011077170377802008717802377416877712360701013700701732702119118230270827787120404177101003718707977
7707764177126162010611817700783443611704108168073730170001023026020100710011077707677731472171177346714770101820191476677211770626040007810637172086271716027666701771710407617031670707704502676107072011101103121771161060326061760777770711801008771776078027
3308306111708418486788331683114268386382683737762014270612178108083666323031031186171164073316009121200330111708626188341822980677261621008163188674282436877346040826201883732117087871179706117788023820303028173440676878121422233600434363176822116120379176
1791111702414609767118000311048101914778173710110111018306133308746311101171043118101479384471181337191118774140038161601416369383831784134407041301218004147113111773873707091304747300130190317794600610737044404793107967103173739290116397310033718036700316
1019222923600328000000061889012289871904611282630930976861889008000660117689918711139803216009766166812618236269790866916712836061628996166018942701699066160218826200816689920608130291329170123281028126010366603506378996380099201483670020248926161190692621
1741746111111011674714171661111171110117811077847116174361167107117641011144171111711874141117144111717171617146474177101717788177174711611634111117414101701811168170871111014188781111111141411110711187717414841171801411161110114114170717101361476141071111
2222223032202332932223023239936220322320000323222226320002306300063303332039626933223302202229023332332202369632093293222222223366322600622633023202302323300322620223303009303230922222033220922320206320333332263329036393623000236233220633333632223293023222
9006996996049999669999664464999068699993099064966669069994399999998949999699699999940949499964984499609999960909946999099990999960699969999990998609999999999699999696199999499909998499999999909999404099909909994990999980996769999494099999909669996999449999
8383030803330666383868080838163808480080337382380487083334703330863032066013013334880383633836387234074808178033836378303306060188888088833383008000007363388003030883387387033384367838743608305803334666880803620363030303308383370232068688030837338738383600
6426244164651562616464136566142611476743466764162156766676244665104466412662444664764366054664147640667666756152141666666546441414674166414662143672065165676426644210606116536766161666104066612661426627662145151627165164170464066566676646110666666626666224
1370727531437379304554357113316097737314138337137770134731974732372739032710717777770304741770047737333303703033071773113397351027131570637303345101414473737437390310049373803375077974777307317013337060473021750337506301010147794205336170437704073627303715
8117048408310061712440662731899612220168604068381101861282826844088090014620211340408668187181609860886611661421660688642611618288661716114081994014414189229881667416814786612081486178711601947968682602064218180434842164788463808114880608283662492668463808
6322423973373789644404700194473214413004102131313741173019740063771139034727011198487444193045266047473861058099793933700023103946046743789740091337000181104745470238760074114232474378951713430519703300847760031430147016370010943008433443003003316643890341
1781213315829169162211778261373871315138612911325363933676895194121119691695257821888121886332836988619882721267862921586686719812118182828931662756183311326225391112551392911568996127969766879912281755269819816332199937919669696565221989211329616768861516
4909174070734990634440041094004004483490444377444740001447402772470044044130039417104040140094440743844744744373070294077404410008704417377937118974904444440774477484444473444444137444247134009447037147744497067044946770401304048773073714440944044734400047
3215371232222323223352253223523225352253333022621333525132352221172213153232335322153053375753532123222352336233231223251313115336521253522525353255335521253322322352233232322363522533252273522251112253323351233355121571513213333521222275325222532222152112
1149196119999011809018017911619761667087766711879677176169190711088661999677797966184919176610166791706767700907601106098111991911769119060918068016667619701919166186866110766160118977600716019069168171698111766196767171069617696691791170011606691160171610
8084187168444476686764607710064414414600088684664084677407006406806777687044814001800470760105178600774076164767688660446208670471406818090810900660484689717106768808466664470817108886611814687974788106140678440048788680606668901614808746886841664844161777
7441114444697604009619021272614846401463118914564021110817968744827692112623182406607340697667011661610821084177448461957511112660716463644908203666468817474708800001466127404411716847808608580669806636781570407642381284084646422764686610468117371436483809
6817669878161189198281800102368486991039824078716708499308470184838173067687400664000094364464958174018168164284198347397546163398417930836338660904493840796667486480181219300961402796681399870002410102270369134420310961416368127888797617910429786619760681
4061679117797321439799961723117234412206632624643113124237267477947412010761771463027749328493061679765961622940003147449966406131306945613225407046391046866249576602161524776633787295260366643424748016647564190422422276716820448260611446103771136911142661
9346388309231677283008807895519239973978373698388360629972898690887392613787890137312439998238391331614213373839394169983043787306656003979661243306390139808336378683842836179273990427898333677160019496979212336093186835338875230216146936873703920286006086
4624616606749477164104656119152726693294704999977266690752215071712312404504646161452666660160076214769425097145926600264563201144254154569314264346145179431160264199161055171261606125917979867146670393093705091212494071716616520477461190410669322445718944
6998198048907938896639385889938319703391732890939872129391337791971963502012358308816911833439339939327390703098913393377803488803984991623837882690879893031389849860689389778869041903993353139989399373960082792343716193096881208918800898391630607388930383
1104214454417142405645644521676164002456244745766476445067625601141546104517072441027426402612424121452226764406142654457662056264676641241422442500665625660662261441751444641402162264704212617471264166446626576666761105442412602664766612726746244042467164
1587207402870775518275079772789207551525505057071901044780851079557777777477797411517707779277557017571107780470117841257506505557771975109771711526908557340455776755102777720175052752111510442975727909010757074577202909057897547005514027582240750775407777
9793569292639222906536969499229999095349012505969321281014855296390570910359857059101671014102054328624961630216021997507127121111829161191121010412711381616230422918326452539224920389616709049815311197429111182926165446249035693550451919889928931709911391
2106811563968733166793175179439584921424345726146267041295407992541703222427364661775863218731390722097315692799619309735964663707196911170728318761177701363672700929730967624204318101769755369836275467153647157637965363577106393714172666706651107031068066
6776603472544291752535216666403389339669371632166730435161306338089884680073891163284160064013777736988560375408668320176799818569919915069204763890127849983560937360474110866219081324487766575186331362000403473459480138399789171580433911114901608283084183
3399310212511069136138479395069766561191510839097412018710037293303070165300915190943703597949829449237260409866209297163981697084939741825253448735323692930075309966021696724160250093932099031896939684919648496485596911411295535447405149197815541053014065
4173440762203136539733130192343243324931108774331371434562368154154718681547693463001585901792091673776792522948595422137324060077027202473144282723371726221041414313611496617667430198628114800308401370786291466019629955731197215231086510077045344799843844
8259876033279670083692500478941479472099221941829036915281132863012023717853759988218731707272898143995662697761550382877159971047546129482203106970098682526289361986549235919785740170408900359987887972781001677191488904794648591892100943228530199698925567
9311539470455449323713396119475342633207496603537501410500615271595504494330171477534505474619723406403803806513274755496741702040901364614334731475412131410235544951397135874056374429915100507204637321035231069333220077544562716433934624331147907373369342
5196496188898807618208018758426666761920111648511169919157185166179999527705872156490947569200807741686121432860286577862590968727988675086268851967617279701086087495560518093864968192182110184070317864886610006111889917196409776197966978980211791861864891
0152044315716111516620700444724205250441206874444215353234144417470460551345213931363672511716745337711524247219441444412314465350142361767410135273643541327450923445241024047749474204144351644247004144174744546744763344449375068244230244191321141359141117
0061513366355578971160705866957590556599353783556755156656361509325951150675036304655755699095650665037024565765659450555156931902570999663366599096336225067935030525677525626996590115966333505056163397959771205651565573752557715908962905856681935256759651
4231912892744192814477921791732792311829414273141923818793242917098939294936199936934232381821809219171809973774892989239909371771322929728893942187429901690304301349111189407828742242917221317483479440114432683413894031432389373272772122920882771194799298
9434047360161162841914016704206069868102432826310048181647166670108470723448729168371861933608561379379179919126841313279314448041108499473821380288163130490612614434000757764619319667723266440216864747611727860813644028854290720381140001780241601633810647
4713631310633921644420011118770533339273102644553101496312449058707940040780202623776238594962005989234321010710947852476290930050002364675336263310935004070808294111633097084003804180902170383440834116633963234094683210867494377940744173025050162078980069
0038879852718401615355182819071668950168317610915197070744984473142518737146881404665456521816267668288481661003347565948262646098461465070411115932808872807422491771459294699419053496182038669462783089686974266154191428331851431012039636481344915444558717
1041911362934281727711049271290240986752136951622130836763223110197279935717300983872013572734270899793315245673081512103459020810725330847266288979933727511822507790900339879702600939677376793636374317038384227369108234210337028261793088230279209313208616
2110209437898088401869984598524170610834965852626646516552892358314882052967152158270154690664541628149931406081233286124091837938642472497018869368454235351611969285691573163512971181385923246195060678226714887456237671405469108092794465114977191144572643
6492497775271292032211314237812633414026637323179977074324226731022926176361170973729203117061230630529977070523333243660610276206187733247254215296465469494106679624334347433259729515284946294037735621332353017110537231764232749531994907260920377535315751
3818451449279882009006593360065191725876527161775892088041439670665671965477003103477730781959061749029093901890710688336419019890229594193149909812790662701539771349001899211723176720470000934995806073330700789178083811190509644308907718830161040462833778
2455261316764540323652423245724009253923127449463585630513448373984219371336530323277793672402377677161415535066639200110346806297044316235444419507150100287432624677044730243042437245515114671330674884624964541648769856527985444614423974147726008909606741
2224856697812820795914377205944954222295290814354290496369445741617347896504590962649344764727503216410621798922104299919679498923297079095401298647577952131626778437666797109302631856379705723481212819436084660164289017905375893706312309676957658399539913
3167616300762253121340463264161244978401428703304057144512263354624388638473581057713232640545037016613604542083540136876486880024048046261617327467646612864504126443648241113547330746862476606648550717022002025702511040116328404411524276414671460444662114
7740013769495082665727278681716496532262119818860618683221676228179031019370965908608301803131077310818819638688073278371531700597007802709700800182927011531239817857616753675100689918161632910681379005703488443681202304438322624996752909956588813365730208
2076800543110463969604022336107412741588240397206162615462053693345656000322778242449644341009538297483055643076615100103606268447253654342526235145173544533401266634284907343459011437464754774453902306447300842663478418514735903621805346120022309430324068
8323928242679065882483999899931377999001927979407913020432370169910990118686562358791218519321417954093037623620460332224309956389842958371616282136751236992621715157733626892691938357878873744499606902292999004258913981739266651451158182116920902532211899
5416534327442174619739049608401572483663623865561182684721110236504432482501828505553121140516145401612256485048107120830895826426238247136855144036618616659400105680021101566613861046481176042423564060555164153073865443276476788141119113264490410402704418
3995264833995448838312112333172366983339059926688311376339848320323323933929059533300622667207337466303730368687238995645807967989923973386316730822141426761406734327688984178404303027839885790188238135068013747805666532367420693403909946238393707089790544
4185524850345767041407526760015696874024643887961170721412171760553178779288404026121349240309684322408119227785190860213720605067177042027511724459589014153410767716046493069210856275759746121056004895907084351255179057552818954778770700554720201186429683
9319228271203442643911676613121638857471129180452852656420952139911609523236091158221849213219954342413017731902629909940938349795597079114670631776974944199272452743329794165215271629354542723212374561972316251347290311224137102329013546336094302883477191
8858073735311800742673514791270896882665315124721970274218840033274467475365774452168350815972368882350182957187600885427484973771677549465720757425560553312116921151011959121938417659131159873404943056717661840087544448802564346272383004705422543590187194
1848663966843115180477699757112939209549983919692493189119196835488656231827483588986823810395498073030929789303341032429975795860889982121351685193810199798709875939137922317308800820779378920510658928325191297939166897006823931329348308808973498888437238
7547067822734614460661434051442248117116547306826041145660631426384448405866226557036602222421443007040432427507620166122765471212027052285226226615225070057017015050276125501562721066200211402256614207193214230180047740212325391443141404420243444635456440
7030397560810771157087623343966917170459376109437047709782168923693802102193062402883301396170686958847569993253831528618139380693637619328924252538530189266379201396743033693537485913179853943490868672001847316099109073964933875821890038087949706261036913
3316347476271686651738916065666603502277979193188327620980885270173694066662847952067783646630689522889785810213275746670410847069409957154603813094082778228032767862023429885173547972257907789926377717881093916723576451607311489880608258645825207434118184
8594211062619744536600914737813476294440804232223836006777169002310803613116160265030546439844876867184560924536382016353514937347800413139121071039411098283838206567985722221228279939830138456504293387637223844959178732916242612268132601308112144946434306
3931416644306060427661746144958318817626938939147819806706586689823248371000181109486919019883053455891007377593634841769581731459461043474671901192677119198717495147340412857290028114271965802772712431517060157515414801951793105088382887762074487279110361
2524402061027405138555556812307623547263346100177458726643314442444450203548077304273555211545165606349062234313414661658161684107740181105228674081455414826454440726853262244014506110571438273388801280100424154348364021420601367257486802270443822003766037
1701860338455890170839535561509699778618217567522962635575961374192814408789477639896191643541798020782512685807065454727934916364969818929369338149212205560917421148230426069959443887578405629215156989899441314967089867938036087394956901124491336569011463
4763962108616883213104343042447725962040111233334590453787686961837137476577021071284580132092196103819615388646547534947876003181474161445487052904652042929706142621681657751826343179656942091918557002255316701045760113071781027183317807949220135659850158
7714607002462668781190738329729415193960206785497120816188991822269063721160164335242087172750013010911820899333398369891383931689577630801149287246498793267303299501583471569901502917076214877081976887978789592805510602914219813967931229933573230110461711
6464216080471465959499125146454867643493228879850812418929810497175219943533036850451013318802872381804150426451807040262501344466214944490171318465409618338048111371129644102549601831783078682486542919911554939433200190181253585382541957523290992645794621
6523201377317905701125421413110160137852719230750170715555131220309410663061215710317987041639129804157000774235475336943806452027621352381124559948294787911819135004872695701762541228303170682177726680344636024037373223130073125547612471757727960490385014
5299652135762439077131640792974769646984769131472403461689619219084771424509499497151991481448522572347771959065773521208856116148234189162311091883702391141511804160091125573831279223454890012269024465449347408269900616968243509678220036012501295794936456
9543136990319688507956032052935557767175747861721819647511185613195264407479837200679981565772170300162193249190528664354090117927107771497908479263769113377451302262535959797476979594090297017858717760913575622018033791261310156178128077390503335140797395
8087105404669897393336150914040431668424103985806594841086114444789090154039291206931229486912209328384748866238258586988792048016611339096141964032769323348951486821517600204416332571325514844968398373418446806164186039077139873548478013177236277243302392
8882709908915336286422086042984506623823360368841733199810113313936621861043474009143495196577613964384534030803857353078023673463953311722139508671997389187571293654986177337405971672356359143089347016226917424716441011633711492230797696389131396233700358
0064787611767484197451650042488811325764371708718794470714429055940600092857074556730125494420891788203045713766460837168918447873227976815185746018412166099070042250735271561522483435818855230916005863962408427168675612587071402721561821666748844676212445
9424571427687162203547273869559061583135522189309015302791533176957386383916808027952618016119113513179953907688050588506265712476591355576591689707909913721486429678608679866829303697822314710092130305484981787309028722409400012330558820700874593339343343
7406354867925845543538164928797771750997298113140242288584850932786068644291396371672687089774201265954878755876213939297736873881814957220803209210559315241426478741888227497276546672622966042034482734331685111781532012329646483799418638988845509538783637
0843653603203734431348782761737531526028151231131014827356008637616765605512035996106853030127526604873852042305542759716303750639072974189686852676619384345609237148053777119491293280721157334320441657274225115678432055133334169833387795872856066442729856
9462336209021717789593098958891156718619845686791784198814459213286076018363267406430058578298934365131698160278093832772024031436048132014233169532481432597461289081196643427032028472384366022876808657250046469982889777848606730415736663691322913374916334
0675515075586165504607247215541444304588564711505745724566565732521112744448358761524247471479240686404515266051185114766111335012322076804544222674177761541980505640452221577269256550571221620640459144227417408526379257691697257514444625132337644565748202
7398831408721314293932203070301972198030093311889009990999089789787193999312381030038923927428496319307079764819384709998803063901090018197032917833013871240882884706810288969393169242368813923386909787103942792139311823989749900610191987298242398893193728
0854446166666621673676235452046848364324680444601466435426467086634451411068315031563661284026440783565645031626742666788608162106616480456606773766528077134406637056414044481167462227478375368246144462682624565664811611246646686413166043620442046462068146
1420013720503233772337533513372281255330437307172533177313783231734712550374833378011330715110250271710271374777272013305203413411873011357072575703532030428737327111742025334171313788011324335348220377711875095581245371854753704771503501388157947177730373
1158888418702411881889888008898841121148758984880818899442798759282141981417198888089917474181828189800589911868188408498789384087589217814189484978181948811128981891488085498898884018578894190404981718882188088487841108981088211988278991858001788190789808
9220552190176407549419001516100104195726764340010941159262464510703302055077655304446412121224110441149753905956014444107260721207530610000022207517097796173541265041996210749741691209200049703264359725012194429459061604042206636471075457027642355136010090
9174711438663037361364544264447369850202496435851653140816394044021858597701725588465271453314314985746675347127840919579987799362424990068719897430494652732810355741443591643506232997784105284381123350281679613026321291649481192083681115775569409631934013
8107713416906882189191395834740878975907979675619387918211560365269107306793996888873860342081036392671837809816782101471965080880904210628559435886115578272169218873084768563055250775688626662957879870186499180820647692223668834202338235479937383221357722
1976555383210015644427128261399705142564778072112477106877712886096627653858172916985046608909404190798400488221140816976801155156688789224626480260172767674423941507426354545290028672702001556092561114868776883214860926037549537131806216524373734778943203
4787362232153532961211670290762972019721707619148775247581009734615257200496042862157688676133612868760626535834910402547332215265963406241194120349410544870664378138704222718317783383871568926590498444740801410499114613701627462624347206021051519870629309
5037411603879896882520656402366639982390679523495760359335315355659876424026764220162339382410119568050833710349236963171616998744852776351007761452003968537099709714327803134161667529975540338128704668017612612803069112275208325247114863743984424236045474
9117720307261911838077944891298824050464312719953477810893113124335567659516814565178329547220438049677460036370107834173146253477817661480718377457881018265134741842480646414722426748727147854653172582996287946337291710486248163089474164358122537743689687
0706947894539172814752562639193919183770027179882698813552968996687137812553705515879235278564880537555881991545728244913896880080296413153967313657440192830428455932243027950170625859922955367896302096292109965796378325421779895117515339930423102059560828
5478314487099060122568346353268740767178811963183607795601237782509629618983333569880906558870882323914681097707317791776710774737470928396697160729939535910697992191316406966672333193020818600997614653504386857651665238406100437714490617555541106092349969
8822935157580688888916572797679366712550415518856141240857152198048599718814981828767550332748042540731489736686218491068418619125047990764913018552788894749963542500913581792620869693757566762127189713829406079370897710657435591300105903509662151998058166
6567382706159023144177800656409774880500074661476582231453562481340761594682022881029646345824147771824188217063361647460448225400428209903711857480272612072427432362627874830474927343328838688447747744286518342496605240888906898651886631718728207285559733
7320294647131161990244997920248691186599750069862220218722080341352344922216023119601781515661796992973545175467726030989173587491428194905532166825835851587904137999568609908606056272687484128124917710296557221171790178592268137848023902721248746708951273
6436719996898398997781618664823967697929068804997859623725069154713879784526192333043005810431586853441481601043687985098343735077461171306896066653279323237449405827636749439789193886327760505692939254381488786217403274162872590185317454711489588711133273
5094018761180858846770439442738122219742242820574060200006183612798674726401129481960697925581754792856038611601668726766378877094560174186558427960189525412559697502355227552246676800437421434493439313777521294276685550924642470874311932434738933329435187
7075359513040569270281484566402372615363535964216691118941681608343241292006721173804689149666303014486541249284634147295407311995690928660182668077278298689866642964011045820104932374124412312698371471786083004411968711861540444950196421614345433771281866
8996285076449311147798397961798953100994793995110959509285194913659991125525278318942412826302774403767379179670942369278092541936010736089820014962822919915852021907638183851714678980784883860900035972434428802847203167520924733785920579131866869886753718
8062633711162588481208753713127412550242770273062178885660151440274031147187927194094650806266826294757706723473811579905548362366883182217966167449731889450433673488365173301366874627557559885523694620124202503829577887561880814508283826415188753763961668
0569770793636602734732642211634153053007664397264666659921053713743396108203437386417627138970612104645976156726735025637785791730104930562980247241930107493779112923001498342337068593410357235213823110309970346709292524911221720477119003214107379500317420
2960538584219662135168924332309992565865337634171896344952571996822494952398797901518053781470150349011671922138604007986373807953479495876789764687790105515315095266366868472931994947994595383782701792087909066810130076441487055207425014441986858310306769
6533805303673302136970972489165663560910756731062308422962805663623548675288402751195143962287267730225938101973029322912170813566724064174819903151535971522800870561543619230126208926141197732006017787603476098761140175266769495021852194066282980258266101
2375772432974334104306240624900336427447758427157160745332718050382617273118657275411536257951428874144386110465304172423977810684307268650701437255428809076480222227467862787356158769456728596232734047000064924646403103297789243452907090130685066137864606
1233592561576417755099935832781303931616089982483434068126747504893563500124306959536857852711592557700099883195066308963026526024439085502822221276858550992770005934299944759094971661533212673401701528999379299609353501073373295815029523461375057497379056
2209011031949744582249745002924184860710972619614247048180731890178278640718326081230813643683114383441393845861761745889018149492833648438816985308371769174776065489852179000020106986304290794411107188472634500384746843567727629824323042172371161687862326
4340357437176413976201741198452360786772267383391630137138862594119296467369669318612251219057613332407860315171124341168771607908426584216812573646746841729098723978437214537208743135129249447214902952977067074245164433695403424813175943139112942930953278
3952836410521421962875348816638769832989539537190558550131848318064451974531300172450405469531516422488682354212855993697580747150628752238868917590230062391267902378880076298110978850532811503301535222683625945634477641159437704758698554010683418690018834
6527879086841754646167230429405604516689783649023704619790320826911210091035117372194719821788900739501518634408879163255870410668253816427201725261607933407336012722564033135596914099320656051671319779992202829840489387685312599319327451237211123361649927
2849462139766919007292641741711988152843102916764198414645823310714312332119231364924697168719272424378126692195331320090057689519198710747957891356145216987331416512877787900511384635551860163621966101889982395910716889079433658472599060399673841988389121
7941710215027426339094078049455057073472588589791180711111635748195901111641460450658955749385147128317666467114057595221203376752485507731653199361191394674077201610474483415739671883951371002338713363715618470613357244036144548064380132844610461215686497
3772196785001212722937071918009602705296906405639181032140704942864814900517112903389523630193577191942375530007521910098403023309809696394875100589632687839769338711054335947348825768114728641912335991513784029998917688260210164539400923170031298285521139
6413069325857768907650479710453310130102013687111518252245031598116271465199792121111300554850744850196248986047443306754317240917719651289380367026455030542570643426498409744312261885574770497320380168016626101849105772720651428089184410576496843720192684
9609104195495176726660385898546766560185800405242708446005413986346968231254376940122684011253904029816907296947935324477334234212555228885168333965212081766485752350534431901280075206945677354536936386861383017194111499668229714833296264500877254224263847
5602139362792293262591568642212237500660107252803196695830027048283662009922542812530193292106664252212303929652452273792828351407155928012294926876543465897812599950803245316037442093492330811025914869062377735353527738378103010707784442366804464306995108
3993991724208494651745457333435199621891796101167988710853981897874179485089159132523894491147020673778567797158773009339588298782247759623776035337921661705397867875984771522996249273319448057657667031749208899839303123708970196190985960307009767794575271
0709134763162444274235516153684427828304511472127311481636771689402071749845267551938740450056622486438769166996149467177074251143584351029559284474343696208241762242656412700178627425063143504586789548665396005000705900840339612546030195117110146379441944
9095936907608034127310190130293695709108099099667629291295506919890069265847856798300291489892291896073038908103938765120625806330998013710506335100113196992919009993278112391388047402992516185938152660690924077988679912969936184348765885981421612830291510
3373456114143681481605104078607853240885747680628716872227240446600548861032714421847534580673775262486865887122447400668447157844054881855345063132712556118807441447177255612482771641232650041622244285860648020132748248706027883248685615805474480322781682
3662877972052092548701514374637730611470638136330511281616745431421251176291322638272537205119027148114174653634063103631231369397211300568816339116730631176569219279952657977359575795032102621784607997630192617533197735295113466957643296512261365203078730
5630716131498678785528829315318009633088509928502767576907798853251457961489812838321109178042106980318114857046110098193639243444371934096803159263589124328164359501020398770186218439728394011494614698618131322306854303013044147980420543365145033433460513
8560233219581448120603351011144681204214172164837315772776039909864158592580851148645863920645368752946414169140877993034976486670406761089991861162025341714556324048477278356732932335195764773792878097789190392643451082232980140104866670318139301615378832
3094332010645117225532154821183299266324837710278340611406314243692845401672976232224449838277312611565829108548629265400511469871310643323873601058039637152411347627687619694588417195693399867926519720650317994547584264064430840344339529367345741199491372
5612262808652597502708951630428562745831315606193129153154922200879118549225780038032033188474743388669787365509124996982866760515553020787295420110740761718033589845136906284641729490036461561149713624101410483356592850250217277360211445944791595924408874
1617154058252311419286892485741540936949682609681567475075755225726452431023402940795427195889070662638216176143594613442252599382642297642087096909044874994267662687381184569381867098535068358561908363839347780491728081717962394774564243238025739898970643
8793186719069706246221386703352678004116005781961674157071490823477642269251362968616320625685184716079293316664212121022618216885222947914183297260969858586812620868087827386520020565682559288756263432847330817507417670938628284012982453220059118274025186
5829242881190109135834105300784593245358840679265691324492951907779319297012547611170226212685728834763765543077933673951742700104686740579985959861899655610566509865512167051573883613013968748860001070111958701428842237544083432637275637970825233647140261
4949599101276328265942830939339843648179179691605850324095416799875940489357937574997092053842616725459312644089265010020335839030853795385982316021143621138246650930128195199297940035028331328798231582843632028960855260085906061486000967202319061635253068
0355860010448229630461047646200458798779836840108219423640354981886207814961474962711135979868086830701532109838005332435219979477282799800288649209334488563913878572987334447877678013470357969772609598220651807722828633112304512782869399844974633369930152
8705696895301635466743228117073481069943954482665282608300209533169251322043305127054031542165630268110289174965818600012009617052510960672251007455814311106462962069528169053356412839823938118719814464275671923298445392744946593582937094813990143370749571
1974801786487280306107139539863804867240080448492451414478350223327492884913143442754698348434544061335147471127678562521789198119357548122218246670103448282551522418012567647431827547846595987025343476657910066729654610159559915129488527615856540291108534
4537553027357942005131019933691561278950991141319115185307793668027935966210093960268903052283091023119437388908366698721055217312017909735121530955696260024172738792308071330009369739260351581839958023008863769928263092130576796230295534280363916296330903
0845543629669696763676376776897762414637583643368912511349394241560636076053482107864112430888711351517295895114441267896749545910747159245075317257071010575969592295473609690032448316279644251880702861412479376141791251206295057961878412910294749856014165
3642214228298007133776388033899151805294906361261173255518673354331318697420884751363643984106818361668080131399062993932673230175840249022942121747332691774361948083220158823112047905678970694221443161993659658082011869553911482188998307966069153566007326
6321504725221714428001677533402416156810936269014141249059446767837335507411730814769326425981091822789817261734411538499182211673321001347697220612821147470167443312892947806267836958586366327801478287656740413489520163775117090057238453967489870496238861
1605655328049378430515386604113191270534251295920528917623235370681567869796044369645956409642195551441445168419899280161646900910196125052453330941598953091138369994749244909795119039939851720829464884963645041016901312971604587626654844906014316640215976
3971581691186216270906979102274083330460973009343671085911283715168836088543582807038829708526936208350684451119093961442905918211587133215593472581615053670538282915341623181186608168405153434261770155515856270076958509096626723881266034625691976573634710
8881313031729846282002413174723491783577380080103049411364089045749310625284857542626620822021132382716708399207022368675176775443729780631270235190464983756486254796718047035218618002446515081725028871032106562873193315949899425034148784039910670763416511
5964727328545655407787771259694014419662807711281960763641817161130784892125230291839372115024541317574346696449777992891906855848114250128081622418861856476212217967547813085896847639092246552620128386223173141053491344438027265201330556376230507241924116
1067634023591126798567472630101770077137583493313418642180499609641541333387571893353306551690206576976707899973135941734819233993884719403329399322373587097235805603244345934902053827191909226403500078116931588039757598084355627690008018179808511869405456
7024238900266047900092464445982983482684737735642755275957520444400502350555394456382128500075347870327427713588808686465204701511214948581526268401204090426585108701308923706002655427825528292167786982507861740191924585554806834691659239831834056879402715
3656300548733783173600459292638931812229794427994849117182439891349124350623938198508818376732697296775041766272007261322002129224634416324112609864697958789707634430420949231626684908083652648493815932660711963794043363577605540161373733299851021550393210
8161010505066657075177581834094201717911698566641059205770145130191050467240477701007800301054631452674075255421705016685559047141171146624718657113696870130570301477700448663057587837712888633781702076160222269126771028002521328100443612110441373636116154
7555214975405265552446790414524256587757884366847270742844545115333454771652936887244897634963342999438936745582625888010438145789582774368228451340277527253074249589615501497638857404577188176825478545820897325654141115144149421744449653471687983773276564
9990169079929921930635801976197101676173196705199179064726531293770999619297136996079972970076990693296266610917610800267700207922190690922919918010120100222790226933992969007959338797939745707661710929177836846869101320993832189070109949666295327289311236
4816286837567174615247380278822366888078148145741567603806866064838878666050738171182157289505361368260447772050745288030270272618784307411891381642883287845333681527158242276801387566122308152826258651678107344566383780285824273186155768383884524065312028
5844473403434724346354291705173342990871700473463557403357021216537508716001354047785799263073422949547147175760377457116170473324167710559100575114918105272050111622546104790603265215474541902081068315424091391694374267510945887340311437734674567167612617
8918951071672494148019871369348376513710122338681238297190996348624232812068504095243505498566277959892365815154687105765641310692979655971533100315451094176126874358518189734893379692138014577326116898804522424661620470163676566119264112009232913788618661
1633846983220507754899071317705132045333166275140008029265350541068224682385879163427426616017661095110009859533657570386137339019112049291533397322527577655192741497783033477046118771625145892770092920508393790040613121011357696367980979321093702038715695
7674831203068076379135044394322169881449899547151552746474780719095803673301168016416263938216007939699356294100499243729791682679408311909341927697189480968262555017351628259747133998327463300189322667502043891382214002324299763618336833520737671346333215
1650951274737106138085187790248471929021416512272910364548512108288957052453426874606541499505207252540971045106361019868217591042374152618174541537471993111966554726797701294056449152418942535839281245153311076315384673202379674381218763219039447938209664
7847140590391465966528050542412373200848669216437474372691355597896910467356928718567218775890390131086197212532858535219704183464333836230166810287886008464107421154376806386136268931552375978504265505621458069314711298047222084089200734083117122752185189
8926537834617824743470794085311322899933393059742834879794882724122016643337236127241561974307974441756384157701119323325614695940037407863743372834328601955931368650035679426474477184694728238961513521908137183585084494501614499486837662720094320833051128
8070731210143874586479266426152723693004162626993164516217205270790562436770080844605023557565854295525588350471897468463875585557540535805917621448856313677077697817569501016228478000491841546795855926722568079683147964012394875508286004192927486926274853
4524401059694626824182415944699148648386043012137820111300764261512043110121638608884541095870694607892905806446236473617069793940749081448020761409802404669062007112059545168867176009313359376143224513946899010287377367779238740193794274227908985839720414
0906365028419055855755415837990580069315559138971510793641019919695898952749416955944336667213702366817129328159983329992556166397475373062403357936618765244957518538917778367921550857598961378931016975289095627509138225541379997655519810871118196985832290
2486664084003458746634424033884267783314617944910572909023282930072323416870091174902146667686152708044776089417234832072537819700836870661636711330036248350493147339831901188222694417210780874281468762743272944123340552073068041080355840141028269680642158
9353750709851541353962635105149032654109982926729626139586539995264351658600465451173491975824769043240058974793732152846173070708030634099090739027577276947584454228090901837997597935904902641101586044372776924380227084937333506688713640542884164357633202
7596012711567428766264989625818016857218655328708037554732277054902040211822912109510843084422780568381694057370825434777429125265638849589916276011766935441383672589312199828356433238889114931422579848898797485272865363889226892138493711629496338741367090
7180792614703343124915174076067956967012267219169373450905141309473329699491510737597177617885262163994305754930937202595745519792977947190326352805795267227290167463476153776066604914496542354391472294211964276567633669230312644004704792036020106248014256
0554951035572120137403890673639731663688992447329140626388328471600307452775025938848979911130429538656313400531452059664168637344959316187795267841321302337732411664531656406896383988013417871533637447714835022652609853541181454839912911915340162561906719
8947426708825391623283819466384238252016273858964226075729488429040628765389522385065670975863746907290619894177801409020089141098105885455740318266165047035508729943084957008361291556900988444581179236650354542228303919972069548676117707027712199287780302
0887034568242190472791852774788925712741072696274478313448352881376787283724719373979559510672889510875699560081334879319335594671679540137472227237742518309792708861164244040807324141465378754588010515742183548874585337370308338902277606806866780977001785
5907335165449535822402184188518362221652149297373966065726833526394328073456310467377012547689049078411536936717752497018768309744491789300340634292686371216365027505610302631581278992508306735004860791962368151079158477721095992792841498250040807055975289
2247899248854612494584219759820129717171887545719294818168832377283084393486132137956231720356628117003107551979321950227739295355674818746735229453828716989483844223909503964605112075245239822148837469822138276324788136118105676927118619861460078482893314
8316562476237922719248319886893882098230940273938815378355089126262233034847318510928740035922219730631039251845877153467321978646907263409490170394520773945111147712398690507127279574373023334785697429930360899743424656109334861473916344619510702954022601
7731091234372611086701099368484312387877637609067536683008253245515044373322788029453933702165358274753879471620191116768689896816995522321145473912077430737996473851611309711165542787794163272685518321532694993128782275116367150176558418167446569733270001
2344960103554897179782756128370563786897665347127012916421881675765687910272299393615396743406535339710530525716983455417190601448456394972304004489875845410823578677229086782502791101952220839434377608847493450308017035267738394661455976805689042186195639
8896191521110635724282713262394275986492107759861957075380180914168852839305875618976491836748415351141135522080713099275202158882918705138202131595878880772983585791458001555109982327279357375536919571867139073089118115065693489530152620427887833625447004
2905987187823359659434017944216698596534092044842235790529146206959510744771841953412321741527363896274171083967771213316991102949321207742684706111852723200591054697845736597645490088583853000512091613075398960780778296674888216191041048379646398369477317
8835561378942849473565093348092349778382131116843074458479047832802152933272746962133255909963924266763360254275347640654212321377187226101224227413545869360893767704479968016335619701702600289351647702821781472982001138027502759571032385517739091246542186
8916794540434660536886906350859312153265196672696117671719958181389661124165188779407907868372396392699334000306550100524309404570092003304790563336993863014604023386381620668772192058459836897945171496992558045720863988901169155833464777216990592547726421
3987112377468861192593335701569002812444645367839024743180772490766723440639099593961234545307336628686883666459848863133367209014942810488876884005432089274659272677382228346013429057499200365700001205631073976921749521351916586268327282775632352977472354
1934177255441331488448183399837352133759878915778269695415444434772633349336542069870700247557775869012487869414631265743416472474737635928698376920394131213449440425999913247933939307113120780208113589983874893212766713537178419311121463486200410281070592
3288075630700779285092071828603055827831791973257618116369374757604817097732008824321036644698116498343902873490725859611502683596702221434884877521773920504378896675166739559696605062924370288630350295967680271777878300218792092748878313095608762473270181
9326491132388374327216572430755109531097710770899066040672640317163641819161347094856444612450043722162499177327751798907015815053887120458316999173166328139848769383051161856396725798064037112811325129397402736830955970915397882211225521631873645935563400
0454324476201090427375245808559701143131468539265882222392457144906167007159080038918056325170870343029821585327646670741633231025860224007038129013204902750043816952966258342812141360935320469684177791436319556588406747708138581256240547056273959583904317
0504312738008336966909846666428468852426863331743713566103491872110362093077723920986086030968239693117983067963286993609032778031473737171989043271959659397114875823967163500561644409120322929279181525712336988662841647092035807651440450191652223824494211
0122245579347175426329309877880212917718657069715041141496148460765209226424958410130904259239036956882746449011911742994416174975319722687986613394763010234469686161715232694470587934644493078237022431613071047390261234706444305727345664064607529599493311
2633280291454646475730293197227657358508801049001276262346639131205372504413931831372011362100091317904171116334823041579010623753734718009364553184158511425020694441763084796871136261113873450374390493332775687802303951337609192793603618739958584965430294
1384396979027935640786842989814422080180801792714299650814039564458657893953299316572770392056762323005762817563480407281464207984433623912679110399946624482726657221728133573008684828946232038372647590919221325389893881245601457691659045893660881269666089
2767739993631413361068013299193308706137613673189463869546968446422463503357652663594441040543174793329677995225867499931974640721669094935011363161914555157974190520470742052929001136542056325830410364149606105176483448140233265407377337131833668859123371
2689250828629681154491674274034684305893916659995723270942182514548119144933131056674337238742816900875181495854631038379644061035546886640187309173705132820618987363376390800152477512894125965419157129388641914871333661626843217953709184399109670191054312
8142265672248581457473195919212273419278697221290302386818029941354306086489256144688249995384407462174197992022110967480492114126089000514481727042163364936811376813958929927680920534561804868121804333186374020235378323763073868181692076466169991329132796
6359685843831653599775617694868406189944190812707135872494040550555145752529927169912947836134556656006815985431431844084056088437084787102128179006477492058632166111431955293668139223383093976470701671344420336570851510888111379104512111668541910004096855
3562039476211156976396990112276847732664669097379317390972329967291020010433999116439386304135232476955665935565334135047898200803569407864168835233193014229428296895012139014373671068319510912166263908257752869274725125295191389565139507827226281091373698
6787306708083644641666854082262281501536431788601316491237706899219541801522777528086494682275080979702466411552178664416002775568421246695894845526033450250876484429645212624269068481340603398114271420230244317673071183497815076564501547284097815478177826
3237825834496205743777034007936818412302753250870212778478063515365082013620219037241609431293281340601352323768595001375531718113886801111511422875011575394840114675273818441376589788388465220357076481411875752800359574740475667579734618293381048606778555
0482814721943128521087780767478646127244910109098477430678835903052851081057200724841791573474891187860270270197573414372751399945068524924662133880742203511394510192681380644899924544697797046948887668906694680122422405054832646566910525296991341103168720
7450071022607147074451907192959701289761034419586427676543815308360443075849542004742954717669510852800968154321876556775563246001966277593573385482947028732721353450578790665883157475759218914353793976100967390509362197619725015048918021210188578737217194
3179784674511411257671526370196204111410656539645248771302320186186111880343625897215202601136105856886582687461643057238738129474712528396254330621960696210169606736832966328215262262065110291862528540673551731734410714211027113286146607938188917315451881
2208077507484332740925913335519119446700614330523232351529512209280021660863730877098433550125101790070062090815040053610330296351351732871931706791092550894438659507014196741935757839513794159484741022911290976019071686475713528567651050051519044245351544
8269290387783494838565627686683869132770223232234867926336107069697400146975364461640339192053581884247909629919865261945065556721879545603327839824900702492428361422925022143115799492500817221372009895046089875407616241592906301232465710859046812219793246
9744082692022402311694287872459717909067127463990647541529210219168969482191714151033325286166597162891001518471438991934073484647097070413961472021386668094094698693853412537692335851962288064602546971580986198190171941590913792266006014616228849678578101
1112934539165476565953052381640234091570689468153425017948400060097353574118703843473906840818326481544225939368642406519857062391918343667992697301373938229360997273143672348798835654643160774285299425429541326690294675011640978954634221848607486576984992
0141511712120756099459476043218958813524898592717189533394321025524124960074795342871305718907679204533868941641043979538593325542778661926011170915127131635803615323817614884072579199734739691567096322874159987995204519546782819438677741253355054118020998
8895732878733610087904385396036108552730107784224826031917343148588929139860682847861407298841367676683779519589230191748544033846258744777857385100298698894160196821527941706435099020966305710212886928509283381209864684149675327605382533852924385228996210
9197619073252259249869319297013754335229659265317977243890275098911866051919727349176117630311673155195347197033004071721987059812870441597099797325996306691716842036421169516696222617750070327033682228317565051362348368602053773045067634342647867411441241
0719689081874153970844887102189882086745270573282563208867709510676433181362908840827424203986484435750388891847557973095789183992994422094991279730817963458362524901838277988882289555985334002016483631286704200913647666789580821548382808079933198630972795
2002643769144445794163766796777278745350264671514592591317822342224022709536421472374616443939071461744118712397792312947042036017213160683009508762091641249610411239681357160657716643009775166521842256171246274147966747312214377210761135231645744481662487
5412747998631196067772385576440863888064626328088732531040129817778888793868684300888704875835807488561629923547338783434533823360105725728228779682874340532673608445480558976859824938856896122135914308508878194306835250888030386157288660123035804968573388
8328121217160413600481756121509673739116393779167935111140123916261316705942719391919305512715115203205571165090115371905411674544916506477744336667932210189334161339953577349064677759397419157111062410096326923112142546632004593644301421805732119057070204
6522712540447369753394448738362328350902339471933600540938214537194330841070861737763792562079170132722725319445608919522210308243810107084980172515451063585026375017591760771804571746587894526218431910808181464781899743070570169816727980113765572372255916
3213823492870976852558277338292410333133835720668409892173630805053114313638794740225991939180128610924936481090109605973905528776244157531231710371561939953349321493086434364994531152081599126939579299852874806645569468393529840949262619108637647545594485
4079787282705655123091725832178681369279388090085712059722595672386143254537554170045715512961794763636970484161115502054809562738790241255075055648177084478354782807216387647967489772082468587088016836477556667034321301511221041079087209165017774940216246
0543198290085413053854535748663989348088530079331921190381419731333841719079371381073996446887693422973866483337807949667389293043403773996143141409968413907437132984698059689027093639810473362030815087094913178862183097989128594492059199636927230983324420
5571864188601856271188812205658416080280157977151585196196504551935130207023743179963778001116710015121831444141669495753491542290058966713580581902380403468854847853190341508392015485813365229330411602713047402305761230454121857304812445416792880025240614
627739984866695038356530949037266562434866263447167611921318201025491390364167013204536967107994
